<?xml version='1.0' encoding='UTF-8'?>
<record xmlns="http://www.loc.gov/MARC21/slim">
  <leader>01707cam a2200349L  4500</leader>
  <controlfield tag="001">4227375</controlfield>
  <controlfield tag="003">NjP</controlfield>
  <controlfield tag="005">20180420175942.0</controlfield>
  <controlfield tag="008">930603s1931    ua            000 0 ara d</controlfield>
  <datafield tag="024" ind1="7" ind2=" ">
    <subfield code="a">princeton_aco002486</subfield>
    <subfield code="2">local</subfield>
  </datafield>
  <datafield ind1=" " ind2=" " tag="035">
    <subfield code="a">(OCoLC)ocn122859754</subfield>
  </datafield>
  <datafield ind1=" " ind2=" " tag="035">
    <subfield code="a">(OCoLC)ocn123028397</subfield>
  </datafield>
  <datafield ind1=" " ind2=" " tag="035">
    <subfield code="a">(CStRLIN)MAHX93-B546</subfield>
  </datafield>
  <datafield ind1=" " ind2=" " tag="035">
    <subfield code="a">(OCoLC)123028397</subfield>
  </datafield>
  <datafield ind1=" " ind2=" " tag="040">
    <subfield code="a">MH-L</subfield>
    <subfield code="c">HVL</subfield>
    <subfield code="d">NjP</subfield>
  </datafield>
  <datafield ind1=" " ind2=" " tag="066">
    <subfield code="c">(3</subfield>
    <subfield code="c">(4</subfield>
  </datafield>
  <datafield ind1=" " ind2=" " tag="035">
    <subfield code="a">(OCoLC)122859754</subfield>
  </datafield>
  <datafield ind1=" " ind2=" " tag="043">
    <subfield code="a">f-ua---</subfield>
  </datafield>
  <datafield ind1="1" ind2=" " tag="110">
    <subfield code="6">880-01</subfield>
    <subfield code="a">Egypt.</subfield>
    <subfield code="0">http://id.loc.gov/authorities/names/n80061791</subfield>
  </datafield>
  <datafield ind1="1" ind2="0" tag="245">
    <subfield code="6">880-02</subfield>
    <subfield code="a">Qānūn al-ʻUqūbāt al-ahlī :</subfield>
    <subfield code="b">mudhayyal bi-aḥkām al-maḥākim al-ahlīyah li-ghāyat 1930 maʻa al-ishārah ilá al-mawādd al-faransīyah wa-al-mukhtalaṭah wa-al-ahlīyah wa-muʻaddal li-ghāyat Māyū 1931 /</subfield>
    <subfield code="c">Jamʻ Kamāl al-Miṣrī.</subfield>
  </datafield>
  <datafield ind1=" " ind2=" " tag="260">
    <subfield code="6">880-03</subfield>
    <subfield code="a">Miṣr :</subfield>
    <subfield code="b">al-Maṭbaʻah al-Raḥmānīyah,</subfield>
    <subfield code="c">[1931]</subfield>
  </datafield>
  <datafield ind1=" " ind2=" " tag="300">
    <subfield code="a">409, 58, 15 p. ;</subfield>
    <subfield code="c">19 cm.</subfield>
  </datafield>
  <datafield ind1=" " ind2=" " tag="504">
    <subfield code="a">Includes bibliographical references.</subfield>
  </datafield>
  <datafield ind1=" " ind2="0" tag="650">
    <subfield code="a">Criminal law</subfield>
    <subfield code="z">Egypt.</subfield>
    <subfield code="0">http://id.loc.gov/authorities/subjects/sh2008101893</subfield>
  </datafield>
  <datafield ind1=" " ind2="0" tag="650">
    <subfield code="a">Criminal law</subfield>
    <subfield code="z">Egypt</subfield>
    <subfield code="v">Cases.</subfield>
  </datafield>
  <datafield ind1="1" ind2=" " tag="700">
    <subfield code="6">880-04</subfield>
    <subfield code="a">Miṣrī, Kamāl.</subfield>
  </datafield>
  <datafield ind1="1" ind2=" " tag="880">
    <subfield code="6">110-01/(3/r</subfield>
    <subfield code="a">مصر.</subfield>
  </datafield>
  <datafield ind1="1" ind2="0" tag="880">
    <subfield code="6">245-02/(3/r</subfield>
    <subfield code="a">قانون العقوبات الاهلي،</subfield>
    <subfield code="b">مذيل بأحکام المحاکم الاهلية لغاية ١٩٣٠ مع الاشارة الى المواد الفرنسية والمختلطة والاهلية ومعدل لغاية مايو ١٩٣١.</subfield>
    <subfield code="c">جمع ك. المصري.</subfield>
  </datafield>
  <datafield ind1=" " ind2=" " tag="880">
    <subfield code="6">260-03/(3/r</subfield>
    <subfield code="a">مصر،</subfield>
    <subfield code="b">المطبعة الرحمانية</subfield>
    <subfield code="c">[١٩٣١]</subfield>
  </datafield>
  <datafield ind1="1" ind2=" " tag="880">
    <subfield code="6">700-04/(3/r</subfield>
    <subfield code="a">مصري، کامل.</subfield>
  </datafield>
  <datafield ind1=" " ind2=" " tag="904">
    <subfield code="a">mv</subfield>
    <subfield code="b">o</subfield>
    <subfield code="h">m</subfield>
    <subfield code="c">b</subfield>
    <subfield code="e">20040819</subfield>
  </datafield>
  <datafield ind1=" " ind2=" " tag="994">
    <subfield code="a">Z0</subfield>
    <subfield code="b">PUL</subfield>
  </datafield>
  <datafield ind1=" " ind2=" " tag="999">
    <subfield code="a">4227375</subfield>
  </datafield>
  <datafield ind1=" " ind2=" " tag="902">
    <subfield code="a">jab</subfield>
    <subfield code="b">m</subfield>
    <subfield code="6">a</subfield>
    <subfield code="7">m</subfield>
    <subfield code="d">v</subfield>
    <subfield code="f">1</subfield>
    <subfield code="e">20070608</subfield>
  </datafield>
  <datafield ind1="0" ind2=" " tag="852">
    <subfield code="0">4490956</subfield>
    <subfield code="b">nec</subfield>
    <subfield code="h">KRM3800</subfield>
    <subfield code="i">.Q326 1931</subfield>
  </datafield>
  <datafield ind1=" " ind2=" " tag="959">
    <subfield code="a">2005-02-15 13:05:52 -0500</subfield>
  </datafield>
</record>
